<collection xmlns="http://www.loc.gov/MARC21/slim"><record><leader>00931nam  2200265   450</leader><controlfield tag="001">239</controlfield><controlfield tag="003">http://montalegre.opacnet.com/OPAC/default.aspx?ContentAreaControl=ShowRegHoldings.ascx&amp;RegNo=16662</controlfield><controlfield tag="005">20</controlfield><datafield tag="095" ind1=" " ind2=" "><subfield code="a">PTBN00014963</subfield></datafield><datafield tag="100" ind1=" " ind2=" "><subfield code="a">20061013d1980    m  y0pora010305  ba</subfield></datafield><datafield tag="101" ind1="1" ind2=" "><subfield code="a">por</subfield><subfield code="c">eng</subfield></datafield><datafield tag="102" ind1=" " ind2=" "><subfield code="a">PT</subfield></datafield><datafield tag="200" ind1="1" ind2=" "><subfield code="a">Artur no 7º de Cavalaria</subfield><subfield code="f">Alan Coren</subfield><subfield code="g">il. de John Astrop</subfield><subfield code="g">trad. Manuel Granjeio Crespo</subfield></datafield><datafield tag="210" ind1=" " ind2=" "><subfield code="a">Lisboa</subfield><subfield code="c">Plátano</subfield><subfield code="d">1980</subfield></datafield><datafield tag="215" ind1=" " ind2=" "><subfield code="a">69, [2] p.</subfield><subfield code="c">il.</subfield><subfield code="d">20 cm</subfield></datafield><datafield tag="225" ind1="2" ind2=" "><subfield code="a">&lt;As &gt;desnorteantes aventuras de Artur Oeste</subfield><subfield code="v">5</subfield></datafield><datafield tag="304" ind1=" " ind2=" "><subfield code="a">Tít. orig.: Arthur's last stand</subfield></datafield><datafield tag="675" ind1=" " ind2=" "><subfield code="a">087.5</subfield><subfield code="v">BN</subfield><subfield code="z">por</subfield></datafield><datafield tag="700" ind1=" " ind2="1"><subfield code="a">Coren</subfield><subfield code="b">Alan</subfield><subfield code="f">1938-</subfield></datafield><datafield tag="702" ind1=" " ind2="1"><subfield code="a">Astrop</subfield><subfield code="b">John</subfield><subfield code="4">440</subfield></datafield><datafield tag="702" ind1=" " ind2="1"><subfield code="a">Crespo</subfield><subfield code="b">Manuel Granjeio</subfield><subfield code="c">pseud</subfield><subfield code="4">730</subfield></datafield><datafield tag="801" ind1=" " ind2="0"><subfield code="a">PT</subfield><subfield code="b">Biblioteca Municipal de Montalegre</subfield><subfield code="g">RPC</subfield></datafield><datafield tag="856" ind1=" " ind2=" "><subfield code="u">locateMedia.asp?cod=20060510152325&amp;ext=jpg</subfield><subfield code="z">CAPA</subfield></datafield><datafield tag="909" ind1="&#9;" ind2=" "><subfield code="a">3</subfield></datafield><datafield tag="966" ind1=" " ind2=" "><subfield code="a">0008732</subfield><subfield code="l">BMM</subfield><subfield code="s">SJ 087.5 COR art 5</subfield></datafield><datafield tag="966" ind1=" " ind2=" "><subfield code="a">1100248</subfield><subfield code="l">BEBB</subfield><subfield code="s">BEBB 82-93 COR 5</subfield></datafield><datafield tag="966" ind1=" " ind2=" "><subfield code="a">1003117</subfield><subfield code="l">BEM</subfield><subfield code="s">BEM 087.5 COR</subfield></datafield></record></collection>